[
  {
    "Order_ID":1001,
    "Date":"2025-01-01",
    "Region":"East",
    "Product":"Mobile",
    "Quantity":1,
    "Unit_Price":3369,
    "Total_Sales":3369
  },
  {
    "Order_ID":1002,
    "Date":"2025-01-02",
    "Region":"West",
    "Product":"Mobile",
    "Quantity":3,
    "Unit_Price":61635,
    "Total_Sales":184905
  },
  {
    "Order_ID":1003,
    "Date":"2025-01-03",
    "Region":"North",
    "Product":"Headphones",
    "Quantity":8,
    "Unit_Price":50608,
    "Total_Sales":404864
  },
  {
    "Order_ID":1004,
    "Date":"2025-01-04",
    "Region":"East",
    "Product":"Mobile",
    "Quantity":6,
    "Unit_Price":38967,
    "Total_Sales":233802
  },
  {
    "Order_ID":1005,
    "Date":"2025-01-05",
    "Region":"East",
    "Product":"Mobile",
    "Quantity":8,
    "Unit_Price":23828,
    "Total_Sales":190624
  },
  {
    "Order_ID":1006,
    "Date":"2025-01-06",
    "Region":"West",
    "Product":"Headphones",
    "Quantity":9,
    "Unit_Price":4487,
    "Total_Sales":40383
  },
  {
    "Order_ID":1007,
    "Date":"2025-01-07",
    "Region":"North",
    "Product":"Headphones",
    "Quantity":4,
    "Unit_Price":59371,
    "Total_Sales":237484
  },
  {
    "Order_ID":1008,
    "Date":"2025-01-08",
    "Region":"North",
    "Product":"Laptop",
    "Quantity":1,
    "Unit_Price":22899,
    "Total_Sales":22899
  },
  {
    "Order_ID":1009,
    "Date":"2025-01-09",
    "Region":"East",
    "Product":"Smartwatch",
    "Quantity":1,
    "Unit_Price":46714,
    "Total_Sales":46714
  },
  {
    "Order_ID":1010,
    "Date":"2025-01-10",
    "Region":"South",
    "Product":"Smartwatch",
    "Quantity":4,
    "Unit_Price":70771,
    "Total_Sales":283084
  },
  {
    "Order_ID":1011,
    "Date":"2025-01-11",
    "Region":"East",
    "Product":"Mobile",
    "Quantity":7,
    "Unit_Price":44564,
    "Total_Sales":311948
  },
  {
    "Order_ID":1012,
    "Date":"2025-01-12",
    "Region":"East",
    "Product":"Smartwatch",
    "Quantity":2,
    "Unit_Price":70591,
    "Total_Sales":141182
  },
  {
    "Order_ID":1013,
    "Date":"2025-01-13",
    "Region":"East",
    "Product":"Mobile",
    "Quantity":3,
    "Unit_Price":41318,
    "Total_Sales":123954
  },
  {
    "Order_ID":1014,
    "Date":"2025-01-14",
    "Region":"East",
    "Product":"Laptop",
    "Quantity":1,
    "Unit_Price":46025,
    "Total_Sales":46025
  },
  {
    "Order_ID":1015,
    "Date":"2025-01-15",
    "Region":"West",
    "Product":"Headphones",
    "Quantity":5,
    "Unit_Price":20330,
    "Total_Sales":101650
  },
  {
    "Order_ID":1016,
    "Date":"2025-01-16",
    "Region":"North",
    "Product":"Headphones",
    "Quantity":1,
    "Unit_Price":17929,
    "Total_Sales":17929
  },
  {
    "Order_ID":1017,
    "Date":"2025-01-17",
    "Region":"West",
    "Product":"Headphones",
    "Quantity":8,
    "Unit_Price":7393,
    "Total_Sales":59144
  },
  {
    "Order_ID":1018,
    "Date":"2025-01-18",
    "Region":"West",
    "Product":"Smartwatch",
    "Quantity":1,
    "Unit_Price":47833,
    "Total_Sales":47833
  },
  {
    "Order_ID":1019,
    "Date":"2025-01-19",
    "Region":"West",
    "Product":"Laptop",
    "Quantity":1,
    "Unit_Price":3936,
    "Total_Sales":3936
  },
  {
    "Order_ID":1020,
    "Date":"2025-01-20",
    "Region":"East",
    "Product":"Smartwatch",
    "Quantity":2,
    "Unit_Price":74790,
    "Total_Sales":149580
  },
  {
    "Order_ID":1021,
    "Date":"2025-01-21",
    "Region":"South",
    "Product":"Smartwatch",
    "Quantity":2,
    "Unit_Price":76713,
    "Total_Sales":153426
  },
  {
    "Order_ID":1022,
    "Date":"2025-01-22",
    "Region":"North",
    "Product":"Laptop",
    "Quantity":6,
    "Unit_Price":6395,
    "Total_Sales":38370
  },
  {
    "Order_ID":1023,
    "Date":"2025-01-23",
    "Region":"South",
    "Product":"Laptop",
    "Quantity":7,
    "Unit_Price":20238,
    "Total_Sales":141666
  },
  {
    "Order_ID":1024,
    "Date":"2025-01-24",
    "Region":"West",
    "Product":"Laptop",
    "Quantity":5,
    "Unit_Price":31246,
    "Total_Sales":156230
  },
  {
    "Order_ID":1025,
    "Date":"2025-01-25",
    "Region":"West",
    "Product":"Laptop",
    "Quantity":1,
    "Unit_Price":49877,
    "Total_Sales":49877
  },
  {
    "Order_ID":1026,
    "Date":"2025-01-26",
    "Region":"South",
    "Product":"Headphones",
    "Quantity":1,
    "Unit_Price":48904,
    "Total_Sales":48904
  },
  {
    "Order_ID":1027,
    "Date":"2025-01-27",
    "Region":"South",
    "Product":"Tablet",
    "Quantity":3,
    "Unit_Price":54545,
    "Total_Sales":163635
  },
  {
    "Order_ID":1028,
    "Date":"2025-01-28",
    "Region":"South",
    "Product":"Tablet",
    "Quantity":2,
    "Unit_Price":40290,
    "Total_Sales":80580
  },
  {
    "Order_ID":1029,
    "Date":"2025-01-29",
    "Region":"West",
    "Product":"Laptop",
    "Quantity":5,
    "Unit_Price":6100,
    "Total_Sales":30500
  },
  {
    "Order_ID":1030,
    "Date":"2025-01-30",
    "Region":"West",
    "Product":"Tablet",
    "Quantity":6,
    "Unit_Price":41264,
    "Total_Sales":247584
  },
  {
    "Order_ID":1031,
    "Date":"2025-01-31",
    "Region":"North",
    "Product":"Tablet",
    "Quantity":7,
    "Unit_Price":75043,
    "Total_Sales":525301
  },
  {
    "Order_ID":1032,
    "Date":"2025-02-01",
    "Region":"North",
    "Product":"Laptop",
    "Quantity":4,
    "Unit_Price":46214,
    "Total_Sales":184856
  },
  {
    "Order_ID":1033,
    "Date":"2025-02-02",
    "Region":"West",
    "Product":"Tablet",
    "Quantity":7,
    "Unit_Price":57335,
    "Total_Sales":401345
  },
  {
    "Order_ID":1034,
    "Date":"2025-02-03",
    "Region":"South",
    "Product":"Smartwatch",
    "Quantity":8,
    "Unit_Price":74244,
    "Total_Sales":593952
  },
  {
    "Order_ID":1035,
    "Date":"2025-02-04",
    "Region":"South",
    "Product":"Mobile",
    "Quantity":1,
    "Unit_Price":56991,
    "Total_Sales":56991
  },
  {
    "Order_ID":1036,
    "Date":"2025-02-05",
    "Region":"North",
    "Product":"Mobile",
    "Quantity":6,
    "Unit_Price":19089,
    "Total_Sales":114534
  },
  {
    "Order_ID":1037,
    "Date":"2025-02-06",
    "Region":"West",
    "Product":"Laptop",
    "Quantity":8,
    "Unit_Price":43984,
    "Total_Sales":351872
  },
  {
    "Order_ID":1038,
    "Date":"2025-02-07",
    "Region":"North",
    "Product":"Headphones",
    "Quantity":5,
    "Unit_Price":36712,
    "Total_Sales":183560
  },
  {
    "Order_ID":1039,
    "Date":"2025-02-08",
    "Region":"North",
    "Product":"Laptop",
    "Quantity":4,
    "Unit_Price":44025,
    "Total_Sales":176100
  },
  {
    "Order_ID":1040,
    "Date":"2025-02-09",
    "Region":"East",
    "Product":"Headphones",
    "Quantity":2,
    "Unit_Price":47702,
    "Total_Sales":95404
  },
  {
    "Order_ID":1041,
    "Date":"2025-02-10",
    "Region":"East",
    "Product":"Mobile",
    "Quantity":6,
    "Unit_Price":33135,
    "Total_Sales":198810
  },
  {
    "Order_ID":1042,
    "Date":"2025-02-11",
    "Region":"East",
    "Product":"Laptop",
    "Quantity":6,
    "Unit_Price":63708,
    "Total_Sales":382248
  },
  {
    "Order_ID":1043,
    "Date":"2025-02-12",
    "Region":"South",
    "Product":"Smartwatch",
    "Quantity":1,
    "Unit_Price":34328,
    "Total_Sales":34328
  },
  {
    "Order_ID":1044,
    "Date":"2025-02-13",
    "Region":"West",
    "Product":"Tablet",
    "Quantity":9,
    "Unit_Price":19211,
    "Total_Sales":172899
  },
  {
    "Order_ID":1045,
    "Date":"2025-02-14",
    "Region":"West",
    "Product":"Headphones",
    "Quantity":6,
    "Unit_Price":3920,
    "Total_Sales":23520
  },
  {
    "Order_ID":1046,
    "Date":"2025-02-15",
    "Region":"West",
    "Product":"Tablet",
    "Quantity":3,
    "Unit_Price":801,
    "Total_Sales":2403
  },
  {
    "Order_ID":1047,
    "Date":"2025-02-16",
    "Region":"West",
    "Product":"Tablet",
    "Quantity":4,
    "Unit_Price":45736,
    "Total_Sales":182944
  },
  {
    "Order_ID":1048,
    "Date":"2025-02-17",
    "Region":"East",
    "Product":"Laptop",
    "Quantity":4,
    "Unit_Price":66735,
    "Total_Sales":266940
  },
  {
    "Order_ID":1049,
    "Date":"2025-02-18",
    "Region":"South",
    "Product":"Tablet",
    "Quantity":3,
    "Unit_Price":54740,
    "Total_Sales":164220
  },
  {
    "Order_ID":1050,
    "Date":"2025-02-19",
    "Region":"South",
    "Product":"Smartwatch",
    "Quantity":3,
    "Unit_Price":66226,
    "Total_Sales":198678
  },
  {
    "Order_ID":1051,
    "Date":"2025-02-20",
    "Region":"East",
    "Product":"Tablet",
    "Quantity":3,
    "Unit_Price":10992,
    "Total_Sales":32976
  },
  {
    "Order_ID":1052,
    "Date":"2025-02-21",
    "Region":"South",
    "Product":"Laptop",
    "Quantity":4,
    "Unit_Price":6602,
    "Total_Sales":26408
  },
  {
    "Order_ID":1053,
    "Date":"2025-02-22",
    "Region":"East",
    "Product":"Smartwatch",
    "Quantity":7,
    "Unit_Price":50836,
    "Total_Sales":355852
  },
  {
    "Order_ID":1054,
    "Date":"2025-02-23",
    "Region":"West",
    "Product":"Mobile",
    "Quantity":4,
    "Unit_Price":27141,
    "Total_Sales":108564
  },
  {
    "Order_ID":1055,
    "Date":"2025-02-24",
    "Region":"East",
    "Product":"Tablet",
    "Quantity":9,
    "Unit_Price":35084,
    "Total_Sales":315756
  },
  {
    "Order_ID":1056,
    "Date":"2025-02-25",
    "Region":"West",
    "Product":"Laptop",
    "Quantity":1,
    "Unit_Price":33245,
    "Total_Sales":33245
  },
  {
    "Order_ID":1057,
    "Date":"2025-02-26",
    "Region":"West",
    "Product":"Mobile",
    "Quantity":8,
    "Unit_Price":23593,
    "Total_Sales":188744
  },
  {
    "Order_ID":1058,
    "Date":"2025-02-27",
    "Region":"North",
    "Product":"Mobile",
    "Quantity":7,
    "Unit_Price":66605,
    "Total_Sales":466235
  },
  {
    "Order_ID":1059,
    "Date":"2025-02-28",
    "Region":"East",
    "Product":"Headphones",
    "Quantity":2,
    "Unit_Price":52385,
    "Total_Sales":104770
  },
  {
    "Order_ID":1060,
    "Date":"2025-03-01",
    "Region":"North",
    "Product":"Smartwatch",
    "Quantity":8,
    "Unit_Price":37131,
    "Total_Sales":297048
  },
  {
    "Order_ID":1061,
    "Date":"2025-03-02",
    "Region":"East",
    "Product":"Tablet",
    "Quantity":1,
    "Unit_Price":73491,
    "Total_Sales":73491
  },
  {
    "Order_ID":1062,
    "Date":"2025-03-03",
    "Region":"East",
    "Product":"Laptop",
    "Quantity":9,
    "Unit_Price":4514,
    "Total_Sales":40626
  },
  {
    "Order_ID":1063,
    "Date":"2025-03-04",
    "Region":"North",
    "Product":"Headphones",
    "Quantity":9,
    "Unit_Price":11593,
    "Total_Sales":104337
  },
  {
    "Order_ID":1064,
    "Date":"2025-03-05",
    "Region":"North",
    "Product":"Smartwatch",
    "Quantity":2,
    "Unit_Price":18570,
    "Total_Sales":37140
  },
  {
    "Order_ID":1065,
    "Date":"2025-03-06",
    "Region":"East",
    "Product":"Headphones",
    "Quantity":7,
    "Unit_Price":36277,
    "Total_Sales":253939
  },
  {
    "Order_ID":1066,
    "Date":"2025-03-07",
    "Region":"South",
    "Product":"Smartwatch",
    "Quantity":3,
    "Unit_Price":57458,
    "Total_Sales":172374
  },
  {
    "Order_ID":1067,
    "Date":"2025-03-08",
    "Region":"West",
    "Product":"Smartwatch",
    "Quantity":7,
    "Unit_Price":11229,
    "Total_Sales":78603
  },
  {
    "Order_ID":1068,
    "Date":"2025-03-09",
    "Region":"North",
    "Product":"Tablet",
    "Quantity":9,
    "Unit_Price":45517,
    "Total_Sales":409653
  },
  {
    "Order_ID":1069,
    "Date":"2025-03-10",
    "Region":"West",
    "Product":"Smartwatch",
    "Quantity":4,
    "Unit_Price":66820,
    "Total_Sales":267280
  },
  {
    "Order_ID":1070,
    "Date":"2025-03-11",
    "Region":"South",
    "Product":"Headphones",
    "Quantity":1,
    "Unit_Price":28251,
    "Total_Sales":28251
  },
  {
    "Order_ID":1071,
    "Date":"2025-03-12",
    "Region":"South",
    "Product":"Smartwatch",
    "Quantity":2,
    "Unit_Price":78569,
    "Total_Sales":157138
  },
  {
    "Order_ID":1072,
    "Date":"2025-03-13",
    "Region":"South",
    "Product":"Tablet",
    "Quantity":1,
    "Unit_Price":55248,
    "Total_Sales":55248
  },
  {
    "Order_ID":1073,
    "Date":"2025-03-14",
    "Region":"North",
    "Product":"Tablet",
    "Quantity":5,
    "Unit_Price":6301,
    "Total_Sales":31505
  },
  {
    "Order_ID":1074,
    "Date":"2025-03-15",
    "Region":"South",
    "Product":"Headphones",
    "Quantity":5,
    "Unit_Price":19690,
    "Total_Sales":98450
  },
  {
    "Order_ID":1075,
    "Date":"2025-03-16",
    "Region":"North",
    "Product":"Mobile",
    "Quantity":7,
    "Unit_Price":50189,
    "Total_Sales":351323
  },
  {
    "Order_ID":1076,
    "Date":"2025-03-17",
    "Region":"South",
    "Product":"Mobile",
    "Quantity":9,
    "Unit_Price":51493,
    "Total_Sales":463437
  },
  {
    "Order_ID":1077,
    "Date":"2025-03-18",
    "Region":"West",
    "Product":"Smartwatch",
    "Quantity":9,
    "Unit_Price":30092,
    "Total_Sales":270828
  },
  {
    "Order_ID":1078,
    "Date":"2025-03-19",
    "Region":"West",
    "Product":"Laptop",
    "Quantity":3,
    "Unit_Price":11147,
    "Total_Sales":33441
  },
  {
    "Order_ID":1079,
    "Date":"2025-03-20",
    "Region":"East",
    "Product":"Smartwatch",
    "Quantity":3,
    "Unit_Price":9216,
    "Total_Sales":27648
  },
  {
    "Order_ID":1080,
    "Date":"2025-03-21",
    "Region":"West",
    "Product":"Headphones",
    "Quantity":3,
    "Unit_Price":70816,
    "Total_Sales":212448
  },
  {
    "Order_ID":1081,
    "Date":"2025-03-22",
    "Region":"East",
    "Product":"Headphones",
    "Quantity":4,
    "Unit_Price":2868,
    "Total_Sales":11472
  },
  {
    "Order_ID":1082,
    "Date":"2025-03-23",
    "Region":"West",
    "Product":"Headphones",
    "Quantity":8,
    "Unit_Price":78075,
    "Total_Sales":624600
  },
  {
    "Order_ID":1083,
    "Date":"2025-03-24",
    "Region":"North",
    "Product":"Headphones",
    "Quantity":6,
    "Unit_Price":7155,
    "Total_Sales":42930
  },
  {
    "Order_ID":1084,
    "Date":"2025-03-25",
    "Region":"West",
    "Product":"Headphones",
    "Quantity":8,
    "Unit_Price":70531,
    "Total_Sales":564248
  },
  {
    "Order_ID":1085,
    "Date":"2025-03-26",
    "Region":"East",
    "Product":"Tablet",
    "Quantity":1,
    "Unit_Price":76929,
    "Total_Sales":76929
  },
  {
    "Order_ID":1086,
    "Date":"2025-03-27",
    "Region":"East",
    "Product":"Mobile",
    "Quantity":8,
    "Unit_Price":56266,
    "Total_Sales":450128
  },
  {
    "Order_ID":1087,
    "Date":"2025-03-28",
    "Region":"South",
    "Product":"Headphones",
    "Quantity":4,
    "Unit_Price":13903,
    "Total_Sales":55612
  },
  {
    "Order_ID":1088,
    "Date":"2025-03-29",
    "Region":"North",
    "Product":"Laptop",
    "Quantity":1,
    "Unit_Price":32597,
    "Total_Sales":32597
  },
  {
    "Order_ID":1089,
    "Date":"2025-03-30",
    "Region":"West",
    "Product":"Laptop",
    "Quantity":8,
    "Unit_Price":79157,
    "Total_Sales":633256
  },
  {
    "Order_ID":1090,
    "Date":"2025-03-31",
    "Region":"South",
    "Product":"Laptop",
    "Quantity":4,
    "Unit_Price":11466,
    "Total_Sales":45864
  },
  {
    "Order_ID":1091,
    "Date":"2025-04-01",
    "Region":"West",
    "Product":"Laptop",
    "Quantity":6,
    "Unit_Price":53421,
    "Total_Sales":320526
  },
  {
    "Order_ID":1092,
    "Date":"2025-04-02",
    "Region":"West",
    "Product":"Tablet",
    "Quantity":8,
    "Unit_Price":50226,
    "Total_Sales":401808
  },
  {
    "Order_ID":1093,
    "Date":"2025-04-03",
    "Region":"South",
    "Product":"Laptop",
    "Quantity":4,
    "Unit_Price":50800,
    "Total_Sales":203200
  },
  {
    "Order_ID":1094,
    "Date":"2025-04-04",
    "Region":"South",
    "Product":"Headphones",
    "Quantity":3,
    "Unit_Price":23177,
    "Total_Sales":69531
  },
  {
    "Order_ID":1095,
    "Date":"2025-04-05",
    "Region":"South",
    "Product":"Smartwatch",
    "Quantity":9,
    "Unit_Price":56109,
    "Total_Sales":504981
  },
  {
    "Order_ID":1096,
    "Date":"2025-04-06",
    "Region":"South",
    "Product":"Laptop",
    "Quantity":3,
    "Unit_Price":57161,
    "Total_Sales":171483
  },
  {
    "Order_ID":1097,
    "Date":"2025-04-07",
    "Region":"South",
    "Product":"Tablet",
    "Quantity":9,
    "Unit_Price":31524,
    "Total_Sales":283716
  },
  {
    "Order_ID":1098,
    "Date":"2025-04-08",
    "Region":"West",
    "Product":"Tablet",
    "Quantity":2,
    "Unit_Price":70813,
    "Total_Sales":141626
  },
  {
    "Order_ID":1099,
    "Date":"2025-04-09",
    "Region":"South",
    "Product":"Laptop",
    "Quantity":2,
    "Unit_Price":53506,
    "Total_Sales":107012
  },
  {
    "Order_ID":1100,
    "Date":"2025-04-10",
    "Region":"North",
    "Product":"Smartwatch",
    "Quantity":2,
    "Unit_Price":15838,
    "Total_Sales":31676
  }
]